@Article{key,
    author = {author},
    title  = {title},
}
